@article{fw:mapreduce,
  title={MapReduce: simplified data processing on large clusters},
  author={Dean, Jeffrey and Ghemawat, Sanjay},
  journal={Communications of the ACM},
  volume={51},
  number={1},
  pages={107--113},
  year={2008},
  publisher={ACM}
}

@inproceedings{fw:pregel,
  title={Pregel: a system for large-scale graph processing},
  author={Malewicz, Grzegorz and Austern, Matthew H and Bik, Aart JC and Dehnert, James C and Horn, Ilan and Leiser, Naty and Czajkowski, Grzegorz},
  booktitle={Proceedings of the 2010 ACM SIGMOD International Conference on Management of data},
  pages={135--146},
  year={2010},
  organization={ACM}
}

@incollection{fw:bsp,
  title={Bulk synchronous parallel computingâ€”a paradigm for transportable software},
  author={Cheatham, Thomas and Fahmy, Amr and Stefanescu, Dan and Valiant, Leslie},
  booktitle={Tools and Environments for Parallel and Distributed Systems},
  pages={61--76},
  year={1996},
  publisher={Springer}
}

@book{fw:hadoop,
  title={Hadoop: The definitive guide},
  author={White, Tom},
  year={2012},
  publisher={" O'Reilly Media, Inc."}
}

@article{fw:hdfs,
  title={The hadoop distributed file system: Architecture and design},
  author={Borthakur, Dhruba},
  journal={Hadoop Project Website},
  volume={11},
  number={2007},
  pages={21},
  year={2007}
}

@article{fw:hive,
  title={Hive: a warehousing solution over a map-reduce framework},
  author={Thusoo, Ashish and Sarma, Joydeep Sen and Jain, Namit and Shao, Zheng and Chakka, Prasad and Anthony, Suresh and Liu, Hao and Wyckoff, Pete and Murthy, Raghotham},
  journal={Proceedings of the VLDB Endowment},
  volume={2},
  number={2},
  pages={1626--1629},
  year={2009},
  publisher={VLDB Endowment}
}

@article{fw:impala,
  title={Runtime Code Generation in Cloudera Impala.},
  author={Wanderman-Milne, Skye and Li, Nong},
  journal={IEEE Data Eng. Bull.},
  volume={37},
  number={1},
  pages={31--37},
  year={2014}
}

@article{fw:surfer,
  title={On the efficiency and programmability of large graph processing in the cloud},
  author={Chen, Rishan and Weng, Xuetian and He, Bingsheng and Yang, Mao and Choi, Byron and Li, Xiaoming},
  journal={Microsoft Research TechReport},
  year={2010}
}

@inproceedings{fw:pegasus,
  title={Pegasus: A peta-scale graph mining system implementation and observations},
  author={Kang, U and Tsourakakis, Charalampos E and Faloutsos, Christos},
  booktitle={Data Mining, 2009. ICDM'09. Ninth IEEE International Conference on},
  pages={229--238},
  year={2009},
  organization={IEEE}
}

@inproceedings{fw:gbase,
  title={Gbase: a scalable and general graph management system},
  author={Kang, U and Tong, Hanghang and Sun, Jimeng and Lin, Ching-Yung and Faloutsos, Christos},
  booktitle={Proceedings of the 17th ACM SIGKDD international conference on Knowledge discovery and data mining},
  pages={1091--1099},
  year={2011},
  organization={ACM}
}

@inproceedings{fw:rdd,
  title={Resilient distributed datasets: A fault-tolerant abstraction for in-memory cluster computing},
  author={Zaharia, Matei and Chowdhury, Mosharaf and Das, Tathagata and Dave, Ankur and Ma, Justin and McCauley, Murphy and Franklin, Michael J and Shenker, Scott and Stoica, Ion},
  booktitle={Proceedings of the 9th USENIX conference on Networked Systems Design and Implementation},
  pages={2--2},
  year={2012},
  organization={USENIX Association}
}

@inproceedings{fw:sparkstreaming,
  title={Discretized streams: an efficient and fault-tolerant model for stream processing on large clusters},
  author={Zaharia, Matei and Das, Tathagata and Li, Haoyuan and Shenker, Scott and Stoica, Ion},
  booktitle={Proceedings of the 4th USENIX conference on Hot Topics in Cloud Ccomputing},
  pages={10--10},
  year={2012},
  organization={USENIX Association}
}

@inproceedings{fw:graphx,
  title={Graphx: Graph processing in a distributed dataflow framework},
  author={Gonzalez, Joseph E and Xin, Reynold S and Dave, Ankur and Crankshaw, Daniel and Franklin, Michael J and Stoica, Ion},
  booktitle={Proceedings of OSDI},
  pages={599--613},
  year={2014}
}

@inproceedings{fw:sparksql,
  title={Shark: SQL and rich analytics at scale},
  author={Xin, Reynold S and Rosen, Josh and Zaharia, Matei and Franklin, Michael J and Shenker, Scott and Stoica, Ion},
  booktitle={Proceedings of the 2013 ACM SIGMOD International Conference on Management of data},
  pages={13--24},
  year={2013},
  organization={ACM}
}

@inproceedings{fw:piccolo,
  title={Piccolo: Building Fast, Distributed Programs with Partitioned Tables.},
  author={Power, Russell and Li, Jinyang},
  booktitle={OSDI},
  volume={10},
  pages={1--14},
  year={2010}
}

@article{fw:giraph,
  title={Giraph: Large-scale graph processing infrastructure on hadoop},
  author={Avery, Ching},
  journal={Proceedings of the Hadoop Summit. Santa Clara},
  year={2011}
}

@article{fw:graphlab,
  title={Graphlab: A new framework for parallel machine learning},
  author={Low, Yucheng and Gonzalez, Joseph E and Kyrola, Aapo and Bickson, Danny and Guestrin, Carlos E and Hellerstein, Joseph},
  journal={arXiv preprint arXiv:1408.2041},
  year={2014}
}

@inproceedings{fw:xstream,
  title={X-stream: Edge-centric graph processing using streaming partitions},
  author={Roy, Amitabha and Mihailovic, Ivo and Zwaenepoel, Willy},
  booktitle={Proceedings of the Twenty-Fourth ACM Symposium on Operating Systems Principles},
  pages={472--488},
  year={2013},
  organization={ACM}
}

@inproceedings{fw:graphchi,
  title={GraphChi: Large-Scale Graph Computation on Just a PC.},
  author={Kyrola, Aapo and Blelloch, Guy E and Guestrin, Carlos},
  booktitle={OSDI},
  volume={12},
  pages={31--46},
  year={2012}
}

@article{fw:myhadoop,
  title={myHadoop-Hadoop-on-Demand on Traditional HPC Resources},
  author={Krishnan, Sriram and Tatineni, Mahidhar and Baru, Chaitanya},
  journal={San Diego Supercomputer Center Technical Report TR-2011-2, University of California, San Diego},
  year={2011}
}

@inproceedings{ssdhdd:moon,
  title={Introducing ssds to the hadoop mapreduce framework},
  author={Moon, Sangwhan and Lee, Jaehwan and Kee, Yang Suk},
  booktitle={Cloud Computing (CLOUD), 2014 IEEE 7th International Conference on},
  pages={272--279},
  year={2014},
  organization={IEEE}
}

@inproceedings{ssdhdd:tan,
  title={Effectiveness Assessment of Solid-State Drive Used in Big Data Services},
  author={Tan, Wei and Fong, Liana and Liu, Yanbin},
  booktitle={Web Services (ICWS), 2014 IEEE International Conference on},
  pages={393--400},
  year={2014},
  organization={IEEE}
}

@inproceedings{ssdhdd:kang,
  title={Enabling cost-effective data processing with smart ssd},
  author={Kang, Yangwook and Kee, Yang-suk and Miller, Eric L and Park, Chanik},
  booktitle={Mass Storage Systems and Technologies (MSST), 2013 IEEE 29th Symposium on},
  pages={1--12},
  year={2013},
  organization={IEEE}
}

@inproceedings{ssdhdd:wu,
  title={Understanding the Impacts of Solid-State Storage on the Hadoop Performance},
  author={Wu, Dan and Luo, Wenhai and Xie, Wenyan and Ji, Xiaoheng and He, Jian and Wu, Di},
  booktitle={Advanced Cloud and Big Data (CBD), 2013 International Conference on},
  pages={125--130},
  year={2013},
  organization={IEEE}
}

@inproceedings{ssdhdd:ahn,
  title={Performance Implications of SSDs in Virtualized Hadoop Clusters},
  author={Ahn, Sungyong and Park, Sangkyu and Hong, Jae-Ki and Chang, Wooseok},
  booktitle={Big Data (BigData Congress), 2014 IEEE International Congress on},
  pages={586--593},
  year={2014},
  organization={IEEE}
}

@inproceedings{ssdhdd:krish,
  title={On the use of shared storage in shared-nothing environments},
  author={Krish, KR and Khasymski, Aleksandr and Wang, Guanying and Butt, Ali R and Makkar, Gaurav},
  booktitle={Big Data, 2013 IEEE International Conference on},
  pages={313--318},
  year={2013},
  organization={IEEE}
}

@inproceedings{ssdhdd:li,
  title={A platform for scalable one-pass analytics using MapReduce},
  author={Li, Boduo and Mazur, Edward and Diao, Yanlei and McGregor, Andrew and Shenoy, Prashant},
  booktitle={Proceedings of the 2011 ACM SIGMOD International Conference on Management of data},
  pages={985--996},
  year={2011},
  organization={ACM}
}

@inproceedings{ethib:vienne,
  title={Performance analysis and evaluation of infiniband fdr and 40gige roce on hpc and cloud computing systems},
  author={Vienne, Jerome and Chen, Jitong and Wasi-Ur-Rahman, Md and Islam, Nusrat S and Subramoni, Hari and Panda, Dhabaleswar K},
  booktitle={High-Performance Interconnects (HOTI), 2012 IEEE 20th Annual Symposium on},
  pages={48--55},
  year={2012},
  organization={IEEE}
}

@inproceedings{ethib:yu,
  title={Mechanisms of Optimizing MapReduce Framework on High Performance Computer},
  author={Yu, Jie and Liu, Guangming and Hu, Wei and Dong, Wenrui and Zhang, Weiwei},
  booktitle={High Performance Computing and Communications \& 2013 IEEE International Conference on Embedded and Ubiquitous Computing (HPCC\_EUC), 2013 IEEE 10th International Conference on},
  pages={708--713},
  year={2013},
  organization={IEEE}
}

@inproceedings{scaleupscaleout:appuswamy,
  title={Scale-up vs Scale-out for Hadoop: Time to rethink?},
  author={Appuswamy, Raja and Gkantsidis, Christos and Narayanan, Dushyanth and Hodson, Orion and Rowstron, Antony},
  booktitle={Proceedings of the 4th annual Symposium on Cloud Computing},
  pages={20},
  year={2013},
  organization={ACM}
}

@inproceedings{scaleupscaleout:michael,
  title={Scale-up x scale-out: A case study using nutch/lucene},
  author={Michael, Maged and Moreira, Jose E and Shiloach, Doron and Wisniewski, Robert W},
  booktitle={Parallel and Distributed Processing Symposium, 2007. IPDPS 2007. IEEE International},
  pages={1--8},
  year={2007},
  organization={IEEE}
}

@article{scaleupscaleout:chen,
  title={Interactive analytical processing in big data systems: A cross-industry study of mapreduce workloads},
  author={Chen, Yanpei and Alspaugh, Sara and Katz, Randy},
  journal={Proceedings of the VLDB Endowment},
  volume={5},
  number={12},
  pages={1802--1813},
  year={2012},
  publisher={VLDB Endowment}
}

@inproceedings{bm:hibench,
  title={Hibench: A representative and comprehensive hadoop benchmark suite},
  author={Huang, Shengsheng and Huang, Jie and Liu, Yan and Yi, Lan and Dai, Jinquan},
  booktitle={Proc. ICDE Workshops},
  year={2010}
}

@article{bm:graph500,
  title={Introducing the graph 500},
  author={Murphy, Richard C and Wheeler, Kyle B and Barrett, Brian W and Ang, James A},
  journal={Cray Userâ€™s Group (CUG)},
  year={2010}
}

@inproceedings{cloudhpc:marathe,
  title={A comparative study of high-performance computing on the cloud},
  author={Marathe, Aniruddha and Harris, Rachel and Lowenthal, David K and de Supinski, Bronis R and Rountree, Barry and Schulz, Martin and Yuan, Xin},
  booktitle={Proceedings of the 22nd international symposium on High-performance parallel and distributed computing},
  pages={239--250},
  year={2013},
  organization={ACM}
}

@inproceedings{schadoop:fadika,
  title={Evaluating hadoop for data-intensive scientific operations},
  author={Fadika, Zacharia and Govindaraju, Madhusudhan and Canon, Richard and Ramakrishnan, Lavanya},
  booktitle={Cloud Computing (CLOUD), 2012 IEEE 5th International Conference on},
  pages={67--74},
  year={2012},
  organization={IEEE}
}

@inproceedings{schadoop:jha,
  title={A tale of two data-intensive paradigms: Applications, abstractions, and architectures},
  author={Jha, Somesh and Qiu, Jian and Luckow, Andre and Mantha, Pradeep and Fox, Geoffrey C},
  booktitle={Big Data (BigData Congress), 2014 IEEE International Congress on},
  pages={645--652},
  year={2014},
  organization={IEEE}
}

@inproceedings{schadoop:matsunaga,
  title={Cloudblast: Combining mapreduce and virtualization on distributed resources for bioinformatics applications},
  author={Matsunaga, Andr{\'e}a and Tsugawa, Maur{\'\i}cio and Fortes, Jos{\'e}},
  booktitle={eScience, 2008. eScience'08. IEEE Fourth International Conference on},
  pages={222--229},
  year={2008},
  organization={IEEE}
}

@inproceedings{scgraph:guo,
  title={How well do graph-processing platforms perform? an empirical performance evaluation and analysis},
  author={Guo, Yong and Biczak, Marcin and Varbanescu, Ana Lucia and Iosup, Alexandru and Martella, Claudio and Willke, Theodore L},
  booktitle={Parallel and Distributed Processing Symposium, 2014 IEEE 28th International},
  pages={395--404},
  year={2014},
  organization={IEEE}
}

@article{bio:debruijngraph,
  title={An Eulerian path approach to DNA fragment assembly},
  author={Pevzner, Pavel A and Tang, Haixu and Waterman, Michael S},
  journal={Proceedings of the National Academy of Sciences},
  volume={98},
  number={17},
  pages={9748--9753},
  year={2001},
  publisher={National Acad Sciences}
}

@article{bio:quality1,
  title={Error correction of high-throughput sequencing datasets with non-uniform coverage},
  author={Medvedev, Paul and Scott, Eric and Kakaradov, Boyko and Pevzner, Pavel},
  journal={Bioinformatics},
  volume={27},
  number={13},
  pages={i137--i141},
  year={2011},
  publisher={Oxford Univ Press}
}

@article{bio:quality2,
  title={A survey of error-correction methods for next-generation sequencing},
  author={Yang, Xiao and Chockalingam, Sriram P and Aluru, Srinivas},
  journal={Briefings in bioinformatics},
  volume={14},
  number={1},
  pages={56--66},
  year={2013},
  publisher={Oxford Univ Press}
}

@article{bio:gage,
  title={GAGE: A critical evaluation of genome assemblies and assembly algorithms},
  author={Salzberg, Steven L and Phillippy, Adam M and Zimin, Aleksey and Puiu, Daniela and Magoc, Tanja and Koren, Sergey and Treangen, Todd J and Schatz, Michael C and Delcher, Arthur L and Roberts, Michael and others},
  journal={Genome research},
  volume={22},
  number={3},
  pages={557--567},
  year={2012},
  publisher={Cold Spring Harbor Lab}
}

@inproceedings{bio:contrail,
  title={De novo assembly of large genomes using cloud computing},
  author={Schatz, Michael C and Sommer, DD and Kelley, DR and Pop, Mihai},
  booktitle={Proceedings of the Cold Spring Harbor Biology of Genomes Conference},
  year={2010}
}

@inproceedings{bigGenome:graphtraverse,
  title={Parallel de bruijn graph construction and traversal for de novo genome assembly},
  author={Georganas, Evangelos and Bulu{\c{c}}, Aydin and Chapman, Jarrod and Oliker, Leonid and Rokhsar, Daniel and Yelick, Katherine},
  booktitle={High Performance Computing, Networking, Storage and Analysis, SC14: International Conference for},
  pages={437--448},
  year={2014},
  organization={IEEE}
}

@inproceedings{biggenome:kmerpartition,
  title={Memory efficient minimum substring partitioning},
  author={Li, Yang and Kamousi, Pegah and Han, Fangqiu and Yang, Shengqi and Yan, Xifeng and Suri, Subhash},
  booktitle={Proceedings of the VLDB Endowment},
  volume={6},
  number={3},
  pages={169--180},
  year={2013},
  organization={VLDB Endowment}
}

@inproceedings{Cluster:ceres1,
  title={ABC: dynamic configuration management for MicroBrick-based cloud computing systems},
  author={Min, Junghi and Ryu, Hyungwoo and La, Kwanghyun and Kim, Jihong},
  booktitle={Proceedings of the Posters \& Demos Session},
  pages={25--26},
  year={2014},
  organization={ACM}
}

@article{cluster:AmdahlBalancedBlade,
  title={Low-power amdahl-balanced blades for data intensive computing},
  author={Szalay, Alexander S and Bell, Gordon C and Huang, H Howie and Terzis, Andreas and White, Alainna},
  journal={ACM SIGOPS Operating Systems Review},
  volume={44},
  number={1},
  pages={71--75},
  year={2010},
  publisher={ACM}
}

@inproceedings{algo:parallellistrank,
  title={Randomized speed-ups in parallel computation},
  author={Vishkin, Uzi},
  booktitle={Proceedings of the sixteenth annual ACM symposium on Theory of computing},
  pages={230--239},
  year={1984},
  organization={ACM}
}

@inproceedings{kondikoppa2012network,
  title={Network-aware scheduling of mapreduce framework ondistributed clusters over high speed networks},
  author={Kondikoppa, Praveenkumar and Chiu, Chui-Hui and Cui, Cheng and Xue, Lin and Park, Seung-Jong},
  booktitle={Proceedings of the 2012 workshop on Cloud services, federation, and the 8th open cirrus summit},
  pages={39--44},
  year={2012},
  organization={ACM}
}

@inproceedings{DBLP:conf/icpads/SatishKPPS14,
  author    = {Umesh Chandra Satish and
               Praveenkumar Kondikoppa and
               Seung{-}Jong Park and
               Manish Patil and
               Rahul Shah},
  title     = {MapReduce based parallel suffix tree construction for human genome},
  booktitle = {20th {IEEE} International Conference on Parallel and Distributed Systems,
               {ICPADS} 2014, Hsinchu, Taiwan, December 16-19, 2014},
  pages     = {664--670},
  year      = {2014},
}
